<record><leader>00000cas a22000007a 4500</leader><controlfield tag="001">14634159</controlfield><controlfield tag="008">861104d18651872txudr ne      0    0eng d</controlfield><controlfield tag="009">6576</controlfield><datafield ind1=" " ind2=" " tag="010"><subfield code="a">sn 86090556 </subfield></datafield><datafield ind1=" " ind2=" " tag="040"><subfield code="a">PPM</subfield><subfield code="b">eng</subfield><subfield code="c">PPM</subfield><subfield code="d">DLC</subfield><subfield code="d">MGN</subfield><subfield code="d">DLC</subfield></datafield><datafield ind1=" " ind2=" " tag="042"><subfield code="a">msc</subfield></datafield><datafield ind1="0" ind2="0" tag="050"><subfield code="a">Newspaper 9900</subfield></datafield><datafield ind1="0" ind2="0" tag="245"><subfield code="a">Flake's daily Galveston bulletin.</subfield></datafield><datafield ind1="0" ind2="3" tag="246"><subfield code="a">Flake's bulletin</subfield></datafield><datafield ind1=" " ind2=" " tag="260"><subfield code="a">Galveston, Tex. :</subfield><subfield code="b">F. Flake &amp; Co.,</subfield><subfield code="c">1865-</subfield></datafield><datafield ind1=" " ind2=" " tag="300"><subfield code="a">v. ;</subfield><subfield code="c">45 cm.</subfield></datafield><datafield ind1=" " ind2=" " tag="310"><subfield code="a">Daily (except Mon.)</subfield></datafield><datafield ind1=" " ind2=" " tag="321"><subfield code="a">Daily</subfield></datafield><datafield ind1="0" ind2=" " tag="362"><subfield code="a">Vol. 1, no. 165 (Dec. 27, 1865)-</subfield></datafield><datafield ind1="1" ind2=" " tag="362"><subfield code="a">Ceased Oct. 22, 1872.</subfield></datafield><datafield ind1=" " ind2=" " tag="752"><subfield code="a">United States</subfield><subfield code="b">Texas</subfield><subfield code="c">Galveston</subfield><subfield code="d">Galveston.</subfield></datafield><datafield ind1="0" ind2=" " tag="775"><subfield code="t">Flake's weekly bulletin</subfield><subfield code="w">(DLC)sn 86089866</subfield><subfield code="w">(OCoLC)14524703</subfield></datafield><datafield ind1="0" ind2=" " tag="775"><subfield code="t">Flake's weekly Galveston bulletin</subfield><subfield code="w">(OCoLC)13240321</subfield></datafield><datafield ind1="0" ind2=" " tag="775"><subfield code="t">Flake's semi-weekly Galveston bulletin</subfield><subfield code="w">(DLC)sn 86071182</subfield><subfield code="w">(OCoLC)13240828</subfield></datafield><datafield ind1="0" ind2=" " tag="775"><subfield code="t">Flake's tri-weeky Galveston bulletin</subfield><subfield code="w">(OCoLC)14270049</subfield></datafield><datafield ind1="0" ind2=" " tag="775"><subfield code="t">Flake's evening bulletin</subfield><subfield code="w">(OCoLC)14269992</subfield></datafield><datafield ind1="0" ind2="0" tag="780"><subfield code="t">Flake's daily bulletin</subfield><subfield code="w">(DLC)sn 86071180</subfield><subfield code="w">(OCoLC)13240828</subfield></datafield><datafield ind1="0" ind2="0" tag="785"><subfield code="t">Flake's Galveston bulletin</subfield><subfield code="w">(DLC)sn 86090129</subfield></datafield></record>